<record><leader>00000cas a22000007a 4500</leader><controlfield tag="001">13454462</controlfield><controlfield tag="008">860418d19371999inudn ne      0    0eng d</controlfield><datafield ind1=" " ind2=" " tag="010"><subfield code="a">sn 86058490 </subfield></datafield><datafield ind1=" " ind2=" " tag="040"><subfield code="a">NPI</subfield><subfield code="b">eng</subfield><subfield code="c">NPI</subfield><subfield code="d">OCLCQ</subfield></datafield><datafield ind1=" " ind2=" " tag="042"><subfield code="a">msc</subfield></datafield><datafield ind1="0" ind2="0" tag="245"><subfield code="a">Hartford City news-times.</subfield></datafield><datafield ind1=" " ind2=" " tag="260"><subfield code="a">Hartford City, Ind. :</subfield><subfield code="b">Hartford City Newspapers,</subfield><subfield code="c">1937-1999.</subfield></datafield><datafield ind1=" " ind2=" " tag="300"><subfield code="a">70 v. :</subfield><subfield code="b">ill. ;</subfield><subfield code="c">58 cm.</subfield></datafield><datafield ind1=" " ind2=" " tag="310"><subfield code="a">Daily (except Sun. and holidays)</subfield></datafield><datafield ind1="0" ind2=" " tag="362"><subfield code="a">Vol. 44, no. 6 (Feb. 15, 1937)-v. 113, no. 218 (Oct. 30, 1999).</subfield></datafield><datafield ind1=" " ind2=" " tag="500"><subfield code="a">Includes "Citizens State Bank Issue" (May 17, 1972).</subfield></datafield><datafield ind1=" " ind2=" " tag="500"><subfield code="a">"Politically independent" Cf. Miller, John W. Indiana newspaper bibliog.</subfield></datafield><datafield ind1=" " ind2=" " tag="752"><subfield code="a">United States</subfield><subfield code="b">Indiana</subfield><subfield code="c">Blackford</subfield><subfield code="d">Hartford City.</subfield></datafield><datafield ind1="0" ind2="4" tag="780"><subfield code="t">Hartford City news (Hartford City, Ind. : 1917)</subfield><subfield code="w">(DLC)sn 86058487</subfield></datafield><datafield ind1="0" ind2="4" tag="780"><subfield code="t">Hartford City times gazette</subfield><subfield code="w">(DLC)sn 86058490</subfield></datafield><datafield ind1="0" ind2="0" tag="785"><subfield code="t">News-times (Hartford City, Ind.)</subfield><subfield code="w">(DLC)sn 99063513</subfield></datafield></record>